@misc{wikipedia-qr,
	author  = {Wikipedia contributors},
	month   = {5},
	title   = {{QR code}},
	year    = {2025},
	url     = {https://en.wikipedia.org/wiki/QR_code},
    urldate = {2025-6-6},
}

@misc{mw-2d,
	author  = {Merriam-Webster},
	title = {{2D}},
	url = {https://www.merriam-webster.com/dictionary/2D},
    urldate = {2025-6-12},
}

@misc{wikipedia-api,
	author = {Wikipedia contributors},
	month = {6},
	title = {{API}},
	year = {2025},
	url = {https://en.wikipedia.org/wiki/API},
    urldate = {2025-6-12},
}

@misc{wikipedia-ISO-8859-1,
	author = {Wikipedia contributors},
	month = {5},
	title = {{ISO/IEC 8859-1}},
	year = {2025},
	url = {https://en.wikipedia.org/wiki/ISO/IEC_8859-1},
}

@misc{denso-wave-qr-versions,
	author  = {DENSO WAVE INCORPORATED},
	title = {{Information capacity and versions of QR Code}},
	url = {https://www.qrcode.com/en/about/version.html},
    urldate = {2025-6-12},
}